
@article{Ca,
author = {Han, Chong and Liu, Jingjing and Wangjin, Yang and Wu, Qianqian and Yang, He and Xue, Xiangxin},
year = {2017},
month = {03},
pages = {},
title = {Photocatalytic activity of CaTiO3 synthesized by solid state, sol–gel and hydrothermal methods},
volume = {81},
journal = {Journal of Sol-Gel Science and Technology},
doi = {10.1007/s10971-016-4261-3}
}

@article{Sr,
author = {Le, Minh-Vien and Le, Quoc-Cuong and Tran, Vy and Phan, Thi-Que-Phuong and Huang, Chao Wei and Nguyen, Van-Huy},
year = {2021},
month = {04},
pages = {564},
title = {Manipulating the Structure and Characterization of Sr1−xLaxTiO3 Nanocubes toward the Photodegradation of 2-Naphthol under Artificial Solar Light},
volume = {11},
journal = {Catalysts},
doi = {10.3390/catal11050564}
}

@article{Ba,
author = {Biglar, Mojtaba and Gromada, Magdalena and STACHOWICZ, Feliks and Trzepieciński, Tomasz},
year = {2017},
month = {12},
pages = {275-279},
title = {Synthesis of Barium Titanate Piezoelectric Ceramics for Multilayer Actuators (MLAs)},
volume = {11},
journal = {Acta Mechanica et Automatica},
doi = {10.1515/ama-2017-0042}
}