@article{article,
author = {Akiyama, Kazunori and Bouman, Katherine and Woody, David},
year = {2019},
month = {04},
pages = {},
title = {First M87 Event Horizon Telescope Results. I. 
The Shadow of the Supermassive Black Hole},
volume = {875},
journal = {Astrophysical Journal Letters}
}