
@manual{STM,
  title={easyScan 2 STM Operating Instructions},
  author={nanoSurf},
  version={version 2.2}
  }

  @article{FitzerKochlingBoehmMarsh+1995+473+506,
url = {https://doi.org/10.1351/pac199567030473},
title = {Recommended terminology for the description of carbon as a solid (IUPAC Recommendations 1995)},
title = {},
author = {E. Fitzer and K.-H. Kochling and H. P. Boehm and H. Marsh},
pages = {473--506},
volume = {67},
number = {3},
journal = {Pure and Applied Chemistry},
doi = {doi:10.1351/pac199567030473},
year = {1995},
lastchecked = {2022-09-04}
}