@book{10.5555/31823,
author = {Jaeger, Richard C.},
title = {Introduction to Microelectronic Fabrication},
year = {1987},
isbn = {0201146959},
publisher = {Addison-Wesley Longman Publishing Co., Inc.},
address = {USA}
}

@book{neamen2003semiconductor,
  title={Semiconductor Physics And Devices},
  author={Neamen, D.},
  isbn={9780072321074},
  lccn={2002019681},
  series={McGraw-Hill Series in Electrical and Computer Engineering},
  url={https://books.google.co.kr/books?id=TPE9AQAAIAAJ},
  year={2003},
  publisher={McGraw-Hill Education}
}

@book{kittel1996introduction,
  title={Introduction to solid state physics},
  author={Kittel, Charles and McEuen, Paul and McEuen, Paul},
  volume={8},
  year={1996},
  publisher={wiley New York}
}