@book{kittel1996introduction,
  title={Introduction to solid state physics},
  author={Kittel, Charles and McEuen, Paul and McEuen, Paul},
  volume={8},
  year={1996},
  publisher={wiley New York}
}

@book{rowe2018thermoelectrics,
  title={Thermoelectrics Handbook: Macro to Nano},
  author={Rowe, D.M.},
  isbn={9781420038903},
  lccn={2005048533},
  url={https://books.google.co.kr/books?id=0iwERQe5IKQC},
  year={2018},
  publisher={CRC Press}
}

@book{beiser2003concepts,
  title={Concepts of Modern Physics},
  author={Beiser, A. and Mahajan, S. and Choudhury, S.R.},
  isbn={9780070151550},
  url={https://books.google.co.kr/books?id=pyFbONhSbnsC},
  year={2003},
  publisher={Tata McGraw-Hill, Higher Education}
}

@book{griffiths2014introduction,
  title={Introduction to Electrodynamics},
  author={Griffiths, D.J.},
  isbn={9780321972101},
  url={https://books.google.co.kr/books?id=J9ygBwAAQBAJ},
  year={2014},
  publisher={Pearson Education}
}